<?xml version="1.0" encoding="UTF-8"?><collection xmlns="http://www.loc.gov/MARC21/slim"><record><leader>00675nam--2200193-i-4500</leader><controlfield tag="001">000048298</controlfield><controlfield tag="002">20161230</controlfield><controlfield tag="005">20161230201046</controlfield><controlfield tag="008">060222s1000------------r-----000-0-eng-d</controlfield><datafield ind1=" " ind2=" " tag="020"><subfield code="a">8304009277</subfield></datafield><datafield ind1=" " ind2=" " tag="040"><subfield code="a">IFIN-HH</subfield></datafield><datafield ind1=" " ind2=" " tag="080"><subfield code="a">538.9:537.222.22:621.315.59(061.3)</subfield></datafield><datafield ind1="1" ind2=" " tag="100"><subfield code="a">Langer, Jerzy M</subfield></datafield><datafield ind1="1" ind2="0" tag="245"><subfield code="a">Physics of semiconducting compounds</subfield><subfield code="b">Proceedings of the x conference on physics of semiconducting compounds jaszowiec, april 22-30, 1980 vol. 2</subfield><subfield code="c">Jerzy m. larger (ed.)</subfield></datafield><datafield ind1=" " ind2=" " tag="260"><subfield code="a">Warszawa</subfield><subfield code="b">Polish Academy Of Sciences</subfield><subfield code="c">1980</subfield></datafield><datafield ind1=" " ind2=" " tag="300"><subfield code="a">307P</subfield></datafield><datafield ind1=" " ind2=" " tag="490"><subfield code="a">Proceedings Of Conferences In Physics</subfield><subfield code="v">Vol. 2</subfield></datafield><datafield ind1=" " ind2=" " tag="852"><subfield code="a">49865</subfield><subfield code="c">539.2</subfield></datafield><datafield ind1=" " ind2=" " tag="CAT"><subfield code="a">Sys</subfield><subfield code="c">20121102</subfield><subfield code="h">150952</subfield></datafield></record></collection>